% Encoding: UTF-8
@article{li2014online,
  title={Online portfolio selection: A survey},
  author={Li, Bin and Hoi, Steven CH},
  journal={ACM Computing Surveys (CSUR)},
  volume={46},
  number={3},
  pages={1--36},
  year={2014},
  publisher={ACM New York, NY, USA}
}

@Comment{jabref-meta: databaseType:bibtex;}
